@article{pearson2020,
  author = {Pearson, J. T. and Chelstowska, M. and Berglund Scherwitzl, E. and Scherwitzl, R.},
  title = {Contraceptive effectiveness of an FDA-cleared birth control app},
  journal = {Journal of Women's Health},
  volume = {29},
  number = {2},
  pages = {188--195},
  year = {2020},
  doi = {10.1089/jwh.2018.7568}
}

@article{benhar2024,
  author = {Benhar, E. and van Lamsweerde, A. and Krauss, K. and Berglund Scherwitzl, E. and Scherwitzl, R.},
  title = {Contraceptive outcomes of the Natural Cycles birth control app: A study of Canadian women},
  journal = {medRxiv},
  year = {2024},
  doi = {10.1101/2024.01.30.24302258}
}

@article{cox1972,
  author = {Cox, D. R.},
  title = {Regression models and life-tables},
  journal = {Journal of the Royal Statistical Society: Series B (Methodological)},
  volume = {34},
  number = {2},
  pages = {187--202},
  year = {1972},
  doi = {10.1111/j.2517-6161.1972.tb00899.x}
}
